<?xml version="1.0" encoding="UTF-8"?><collection xmlns="http://www.loc.gov/MARC21/slim"><record><leader>00496nam--2200169-i-4500</leader><controlfield tag="001">000004617</controlfield><controlfield tag="002">20161230</controlfield><controlfield tag="005">20170209171921</controlfield><controlfield tag="008">060222s1000------------r-----000-0-eng-d</controlfield><datafield ind1=" " ind2=" " tag="100"><subfield code="a">Silva, F. Da</subfield></datafield><datafield ind1=" " ind2=" " tag="245"><subfield code="a">Novo metodo de dosagem do molibdenio</subfield></datafield><datafield ind1=" " ind2=" " tag="260"><subfield code="a">Lisboa</subfield><subfield code="b">Instituto Superior Tecnico</subfield><subfield code="c">1959</subfield></datafield><datafield ind1=" " ind2=" " tag="300"><subfield code="a">7 p., 6 p</subfield></datafield><datafield ind1=" " ind2=" " tag="490"><subfield code="a">Separata Da Revista Tecnica , Abril 1959</subfield></datafield><datafield ind1=" " ind2=" " tag="700"><subfield code="a">Moura, Legrand De</subfield></datafield><datafield ind1=" " ind2=" " tag="852"><subfield code="a">519.642.6:517.928.4:519.929.4(041.3)</subfield></datafield><datafield ind1=" " ind2=" " tag="CAT"><subfield code="a">SYS</subfield><subfield code="c">20170209</subfield><subfield code="h">171921</subfield></datafield></record></collection>